<?xml version="1.0" encoding="UTF-8"?><collection xmlns="http://www.loc.gov/MARC21/slim"><record><leader>00507nam--2200193-i-4500</leader><controlfield tag="001">000029512</controlfield><controlfield tag="002">20161230</controlfield><controlfield tag="005">20161230201037</controlfield><controlfield tag="008">060222s1000------------r-----000-0-fre-d</controlfield><datafield ind1=" " ind2=" " tag="040"><subfield code="a">IFIN-HH</subfield></datafield><datafield ind1=" " ind2=" " tag="041"><subfield code="a">fre</subfield></datafield><datafield ind1=" " ind2=" " tag="080"><subfield code="a">535.8</subfield></datafield><datafield ind1="1" ind2=" " tag="100"><subfield code="a">Lachenaud, M</subfield></datafield><datafield ind1="1" ind2="0" tag="245"><subfield code="a">Construction reglage et essais des instruments d'optique</subfield><subfield code="c">M. lachenaud</subfield></datafield><datafield ind1=" " ind2=" " tag="260"><subfield code="a">Paris</subfield><subfield code="b">Dunod</subfield><subfield code="c">1966</subfield></datafield><datafield ind1=" " ind2=" " tag="300"><subfield code="a">XLVI + 599P</subfield></datafield><datafield ind1=" " ind2=" " tag="490"><subfield code="a">Libraire Polytechnique Beranger</subfield></datafield><datafield ind1=" " ind2=" " tag="852"><subfield code="a">27259</subfield><subfield code="c">535</subfield></datafield><datafield ind1=" " ind2=" " tag="CAT"><subfield code="a">Sys</subfield><subfield code="c">20101025</subfield><subfield code="h">132916</subfield></datafield></record></collection>